<record><leader>00000cas a22000007a 4500</leader><controlfield tag="001">14075851</controlfield><controlfield tag="008">860811d18831902iauwr ne      0    0eng d</controlfield><datafield ind1=" " ind2=" " tag="010"><subfield code="a">sn 86060158 </subfield></datafield><datafield ind1=" " ind2=" " tag="040"><subfield code="a">INP</subfield><subfield code="b">eng</subfield><subfield code="c">INP</subfield><subfield code="d">OCLCQ</subfield></datafield><datafield ind1=" " ind2=" " tag="042"><subfield code="a">msc</subfield></datafield><datafield ind1="0" ind2=" " tag="130"><subfield code="a">Mt. Ayr journal (Mount Ayr, Iowa : 1883)</subfield></datafield><datafield ind1="1" ind2="0" tag="245"><subfield code="a">Mt. Ayr journal.</subfield></datafield><datafield ind1="1" ind2="3" tag="246"><subfield code="a">Mount Ayr journal</subfield><subfield code="f">&lt;Aug. 4, 1892&gt;-Sept. 25, 1902</subfield></datafield><datafield ind1=" " ind2=" " tag="260"><subfield code="a">Mount Ayr, Iowa :</subfield><subfield code="b">J.S. Shepherd,</subfield><subfield code="c">-1902.</subfield></datafield><datafield ind1=" " ind2=" " tag="300"><subfield code="a">v. :</subfield><subfield code="b">ill.</subfield></datafield><datafield ind1=" " ind2=" " tag="310"><subfield code="a">Weekly</subfield></datafield><datafield ind1="0" ind2=" " tag="362"><subfield code="a">-v. 21, no. 8 (Sept. 25, 1902).</subfield></datafield><datafield ind1="1" ind2=" " tag="362"><subfield code="a">Began in 1883.</subfield><subfield code="z">Cf. Bibl. of Iowa newspapers.</subfield></datafield><datafield ind1=" " ind2=" " tag="500"><subfield code="a">Publishers: J.S. Shepherd, &lt;June 7, 1888&gt;-July 26, 1894; J.S. Shepherd &amp; Son, Aug. 2, 1894-Sept. 25, 1902.</subfield></datafield><datafield ind1=" " ind2=" " tag="500"><subfield code="a">"A democratic paper, devoted to the interests of the people of Mt. Ayr, Ringgold County, and the bluegrass region of southern Iowa," &lt;Aug. 4, 1892&gt;-Jan. 11, 1894.</subfield></datafield><datafield ind1=" " ind2=" " tag="515"><subfield code="a">Vol. 19, no. 42 (May 16, 1901) misdated May 61, 1901.</subfield></datafield><datafield ind1=" " ind2=" " tag="525"><subfield code="a">Includes occasional supplements.</subfield></datafield><datafield ind1=" " ind2=" " tag="588"><subfield code="a">Description based on: Vol. 6, no. 44 (June 7, 1888).</subfield></datafield><datafield ind1=" " ind2=" " tag="752"><subfield code="a">United States</subfield><subfield code="b">Iowa</subfield><subfield code="c">Ringgold</subfield><subfield code="d">Mount Ayr.</subfield></datafield><datafield ind1="0" ind2="0" tag="780"><subfield code="t">Free press (Mount Ayr, Iowa)</subfield></datafield><datafield ind1="0" ind2="0" tag="785"><subfield code="t">Mt. Ayr semi-weekly journal</subfield><subfield code="w">(DLC)sn 86060159</subfield></datafield></record>